@online{oop-github,
    author    = "Преподавателки колектив по ООП",
    title     = "Материали към курса по Обектно-ориентирано програмиране на спец. Компютърни науки, 2021/22 г.",
    url       = "https://github.com/triffon/oop-2021-22/how-to-create-a-file-if-not-exist-and-open-it-in-read-and-write-modes-in-c/",
    urldate   = "2022-05-15"
}

@online{systutorials,
    author    = "SysTutorials",
    title     = "How to create a file if not exist and open it in read and write modes in C++?",
    url       = "https://www.systutorials.com/how-to-create-a-file-if-not-exist-and-open-it-in-read-and-write-modes-in-c/",
    urldate   = "2022-05-15"
}


@online{isbn,
    author    = "",
    title     = "ISBN Information Check",
    url       = "https://isbn-information.com/check-digit-for-the-13-digit-isbn.html#:~:text=Every%20ISBN%20number%20contains%20a,%22%2C%20like%20a%20Roman%20ten.",
    urldate   = "2022-05-15"
}

@online{constructor-fails,
    author    = "C++ Super-FAQ!",
    title     = "How can I handle a constructor that fails?",
    url       = "https://isocpp.org/wiki/faq/exceptions#ctors-can-throwo",
    urldate   = "2022-05-15"
}

@online{cpp-win-linux-compile,
    author    = "Sardathrion - against SE abuse on StackOverflow",
    title     = "C++ compiling on Windows and Linux: ifdef switch",
    url       = "https://stackoverflow.com/questions/6649936/c-compiling-on-windows-and-linux-ifdef-switch",
    urldate   = "2022-05-15"
}

@online{cpp-password-input,
    author    = "cshong",
    title     = "C++ password input on BOTH WINDOWS AND LINUX",
    url       = "https://www.cplusplus.com/forum/general/12256/",
    urldate   = "2022-05-15"
}

@online{unit,
    author    = "CLion Documentation",
    title     = "Unit testing tutorial",
    url       = "https://www.jetbrains.com/help/clion/unit-testing-tutorial.html",
    urldate   = "2022-05-15"
}

@online{e2e,
    author    = "pengzhendong on GitHub",
    title     = "Segfault when redirecting cin in SetUp()",
    url       = "https://github.com/google/googletest/issues/2385",
    urldate   = "2022-05-15"
}

@online{gtest-demo,
    author    = "bast on GitHub",
    title     = "gtest-demo",
    url       = "https://github.com/bast/gtest-demo",
    urldate   = "2022-05-15"
}

@online{clion,
    author    = "PlatformIO Documentation",
    title     = "CLion",
    url       = "https://docs.platformio.org/en/latest/integration/ide/clion.html",
    urldate   = "2022-05-15"
}

@online{github-actions,
    author    = "GitHub Documentation",
    title     = "Understanding GitHub Actions",
    url       = "https://docs.github.com/en/actions/learn-github-actions/understanding-github-actions",
    urldate   = "2022-05-15"
}
